<?xml version="1.0" encoding="UTF-8"?><record xmlns="http://www.loc.gov/MARC21/slim" xmlns:cinclude="http://apache.org/cocoon/include/1.0" xmlns:zs="http://www.loc.gov/zing/srw/">
  <leader>00304nz  a2200121n  4500</leader>
  <controlfield tag="001">nb 99069194 </controlfield>
  <controlfield tag="003">DLC</controlfield>
  <controlfield tag="005">19990822170637.0</controlfield>
  <controlfield tag="008">990819n| acannaabn          |n aaa     c</controlfield>
  <datafield tag="010" ind1=" " ind2=" ">
    <subfield code="a">nb 99069194 </subfield>
  </datafield>
  <datafield tag="040" ind1=" " ind2=" ">
    <subfield code="a">Uk</subfield>
    <subfield code="b">eng</subfield>
    <subfield code="c">Uk</subfield>
  </datafield>
  <datafield tag="100" ind1="1" ind2="0">
    <subfield code="a">Percival, Tony</subfield>
  </datafield>
  <datafield tag="670" ind1=" " ind2=" ">
    <subfield code="a">Shropshire cricketers, 1999:</subfield>
    <subfield code="b">t.p. (Tony Percival)</subfield>
  </datafield>
</record>